@article{Moran2020,
	author = {Moran, Carmel M. and Thomson, Adrian J.W.},
	booktitle = {Frontiers in Physics},
	doi = {10.3389/fphy.2020.00124},
	file = {:C\:/Users/ggc/PROYECTOS/Bibliograf{\'{i}}a/papers_libros/fphy-08-00124.pdf:pdf},
	issn = {2296424X},
	keywords = {mouse model,preclinical,rat model,ultrasound,zebrafish},
	mendeley-groups = {Imagen precl{\'{i}}nica (TIMPRE)},
	month = {may},
	publisher = {Frontiers Media SA},
	title = {{Preclinical Ultrasound Imagingâ€”A Review of Techniques and Imaging Applications}},
	volume = {8},
	year = {2020}
}

@article{Wu2018,
	author = {Wu, Min and Shu, Jian},
	title = {Multimodal Molecular Imaging: Current Status and Future Directions},
	journal = {Contrast Media \& Molecular Imaging},
	volume = {2018},
	number = {1},
	pages = {1382183},
	doi = {https://doi.org/10.1155/2018/1382183},
	url = {https://onlinelibrary.wiley.com/doi/abs/10.1155/2018/1382183},
	eprint = {https://onlinelibrary.wiley.com/doi/pdf/10.1155/2018/1382183},
	year = {2018}
}

@article{Agarwal2019_NSI,
	doi = {10.1109/TUFFC.2018.2876285},
	file = {:C\:/Users/ggc/PROYECTOS/Bibliograf{\'{i}}a/papers_libros/Improving_Spatial_Resolution_Using_Incoherent_Subtraction_of_Receive_Beams_Having_Different_Apodizations.pdf:pdf},
	issn = {15258955},
	journal = {IEEE Transactions on Ultrasonics, Ferroelectrics, and Frequency Control},
	keywords = {Apodization,beamforming,plane-wave imaging,ultrasound imaging},
	mendeley-groups = {Imagen precl{\'{i}}nica (TIMPRE)/NSI},
	number = {1},
	pages = {5--17},
	pmid = {30334791},
	publisher = {IEEE},
	title = {{Improving Spatial Resolution Using Incoherent Subtraction of Receive Beams Having Different Apodizations}},
	volume = {66},
	year = {2019}
}

@book{Bushberg2021,
	author = {Bushberg, Jerrold T. and Seibert, John A. and Leidholdt, Edwin M. and Boone, John M.},
	title = {The Essential Physics of Medical Imaging},
	edition = {4},
	year = {2021},
	publisher = {Wolters Kluwer},
	isbn = {9781496398671}
}

@Inbook{Rovera2025,
	author="Rovera, Guido
	and Destro, Gianluca
	and Dighero, Edoardo
	and Cioffi, Martina
	and Mangia, Maria Luce
	and Agosti, Alessandra
	and Garelli, Gloria
	and Bauckneht, Matteo
	and Sambuceti, Gianmario
	and Terreno, Enzo
	and Morbelli, Silvia",
	editor="Camoni, Luca
	and Mansi, Luigi",
	title="State of the Art in Pre-clinical Imaging",
	bookTitle="Nuclear Medicine Hybrid Imaging for Radiographers {\&} Technologists",
	year="2025",
	publisher="Springer Nature Switzerland",
	address="Cham",
	pages="147--156",
	isbn="978-3-031-86228-1",
	doi="10.1007/978-3-031-86228-1_12",
	url="https://doi.org/10.1007/978-3-031-86228-1_12"
}


